@misc{zenodo,
  publisher = {Zenodo},
  author = {Hilary Oliver and Matt Shin and Oliver Sanders et.al.},
  doi = {10.5281/zenodo.1208732},
  year = {2018},
  month = {Mar},
  day = {27},
  title = {cylc/cylc: cylc-7.6.1},
}
